@misc{kaggleChallenge,
  title = {House Prices: Advanced Regression Techniques},
  howpublished = {\url{https://www.kaggle.com/c/house-prices-advanced-regression-techniques}},
  note = {Accessed: 2018-07-7}
}
@misc{numpy,
  title = {Numpy},
  howpublished = {\url{http://www.numpy.org/}},
  note = {Accessed: 2018-07-7}
}
@misc{pandas,
  title = {Pandas},
  howpublished = {\url{https://pandas.pydata.org/}},
  note = {Accessed: 2018-07-7}
}
@misc{sciketLearn,
  title = {scikit-learn},
  howpublished = {\url{http://scikit-learn.org/stable/}},
  note = {Accessed: 2018-07-7}
}
@misc{scipy,
  title = {SciPy},
  howpublished = {\url{https://www.scipy.org/}},
  note = {Accessed: 2018-07-7}
}
@misc{seaborn,
  title = {Seaborn},
  howpublished = {\url{https://seaborn.pydata.org/}},
  note = {Accessed: 2018-07-7}
}
@misc{seaborn,
  title = {Seaborn},
  howpublished = {\url{https://matplotlib.org/}},
  note = {Accessed: 2018-07-7}
}